@MISC{liu1973,
	author = {C.L. Liu and James Layland},
	title = {Scheduling Algorithms for Multiprogramming in a Hard-Real-Time Environment},
	url = {https://citeseerx.ist.psu.edu/viewdoc/summary?doi=10.1.1.36.8216},
	urlaccessdate= {26 jan. 2022},
	year = {1973}
}

@article{tindell1994,
	title={Holistic schedulability analysis for distributed hard real-time systems},
	author={Ken Tindell and John A. Clark},
	journal={Microprocess. Microprogramming},
	year={1994},
	volume={40},
	pages={117-134},
	url = {http://beru.univ-brest.fr/cheddar/publications/tindell94.pdf},
	urlaccessdate = {26 jan. 2022}
}

@article{laurent1996,
	author = {George, Laurent and Rivierre, Nicolas and Spuri, Marco},
	year = {1996},
	month = {01},
	title = {Preemptive and Non-Preemptive Real-Time UniProcessor Scheduling},
	url = {https://hal.inria.fr/inria-00073732/PDF/RR-2966.pdf},
	urlaccessdate = {26 jan. 2022}
}